@misc{maude,
	Author = {{Maude}},
	Howpublished = {\verb|http://maude.cs.uiuc.edu/|},
	Key = {Maude},
	Title = {Maude Home Page},
	Bdsk-Url-1 = {http://maude.cs.uiuc.edu/}
}

@misc{JazzSite,
	Author = {{IBM}},
	Date-Added = {2010-09-15 11:58:09 +0200},
	Date-Modified = {2010-09-15 11:58:09 +0200},
	Howpublished = {{\footnotesize \verb|https://jazz.net/|}},
	Key = {JazzSite},
	Title = {Home Page},
	Url = {https://jazz.net/},
	Urldate = 2011,
	Year = {2011}, 
	Bdsk-Url-1 = {https://jazz.net/}}

@misc{Nat2013a, 
	Author = {Natali, Antonio},
	Howpublished = {http://edu222.deis.unibo.it/contact},
	Key = {contact},
	Title = {Introduction to the Contact system},
	Bdsk-Url-1 = {http://edu222.deis.unibo.it/contact.}
}
@misc{Nat2013exp, 
	Author = {Natali, Antonio},
	Howpublished = {http://edu222.deis.unibo.it/expressions},
	Key = {exp2013exp},
	Title = {Expressions: languages and models},
	Bdsk-Url-1 = {http://edu222.deis.unibo.it/expressions.}
}
@misc{Nat2013expd, 
	Author = {Natali, Antonio},
	Howpublished = {http://edu222.deis.unibo.it/expressionDistr},
	Key = {exp2013expd},
	Title = {Expressions as distributed systems},
	Bdsk-Url-1 = {http://edu222.deis.unibo.it/expressionDistr.}
}
@misc{NatXtext2013, 
	Author = {Natali, Antonio},
	Howpublished = {http://edu222.deis.unibo.it/contact},
	Key = {xtext},
	Title = {Introduction to Xtext},
	Bdsk-Url-1 = {http://edu222.deis.unibo.it/xtext.}
}
@misc{NatSupport2013, 
	Author = {Natali, Antonio},
	Howpublished = {http://edu222.deis.unibo.it/Deploy/contact/UniboSupports.pdf},
	Key = {unibosupport},
	Title = {A custom support for (protocol-independent)
communications between software components},
	Bdsk-Url-1 = {http://edu222.deis.unibo.it/Deploy/contact/UniboSupports.pdf}
}
@article{NaMoRoma2010,
	Author = {Natali, Antonio and Molesini, Ambra},
	Issn = {2070-3740},
	Journal = {World Academy of Science, Engineering and Technology},
	Month = apr,
	Note = {International Conference on Software Engineering and Technology (ICSET 2010), 28--30~} # apr # {~2010, Rome, Italy. Proceedings},
	Pages = {69--80},
	Publisher = {Academic Science Research},
	Title = {Towards Model-driven Communications},
	Pdf-Url = {http://www.waset.org/journals/waset/v64/v64-13.pdf},
	Volume = 64,
	Year = 2010}

@book{Cockburn00,
  title = {Writing Effective Use Cases},
  author = {Cockburn, Alistair },
  year = {2000},
  publisher = {Addison Wesley}
}

@book{natMol09,
  title = {Costruire sistemi software: dai modelli al codice},
  author = {Natali,Antonio AND Molesini, Ambra},
  year = {2009},
  publisher = {Esculapio}
}
@article{NatPEV,
	Author = {{N}atali, A},
	Date-Added = { },
	Date-Modified = { },
	Journal = {Internal report DEIS },
	Title = {{T}he {AAASL} {L}anguage},
	Volume = { },
	Year = {2010}}

@misc{emf,
	Author = {EMF},
	Howpublished = {\\http://www.eclipse.org/modeling/emf/},
	Key = {EMF},
	Title = {{EMF} Home Page},
	Bdsk-Url-1 = {http://www.eclipse.org/modeling/emf/}
}

@misc{xtext,
	Author = {Xtext},
	Howpublished = {\\http://www.eclipse.org/Xtext/},
	Key = {Xtext},
	Title = {{Xtext} Home Page},
	Bdsk-Url-1 = {http://www.eclipse.org/Xtext/}
}
@misc{xtext21,
	Author = {Xtext},
	Howpublished = {\\http://www.eclipse.org/Xtext/},
	Key = {Xtext21},
	Title = {{Xtext 2.1} Documentation},
	Bdsk-Url-1 = {http://www.eclipse.org/Xtext/}
}
@misc{LB2,
	Author = {Bettini, Lorenzo},
	Howpublished = {\\http:/www.rcp-vision.com/?p=1640/},
	Key = {Xtext},
	Title = {Xtext 2.1: using Xbase expressions},
	Bdsk-Url-1 = {http://www.rcp-vision.com/?p=1640/}
}

@article{HarelRumpe04,
	Author = {Harel, David and Rumpe, Bernhard},
	Issn = {},
	Journal = {Computer},
	Month = October,
	Pages = {64--72},
	Publisher = {IEEE Computer Society},
	Title = {Meaningful Modeling: What's the Semantics of ''Semantics''?},
	Pdf-Url = {},
	Volume = 64,
	Year = 2004}

@book{Posa4,
 author = {Buschmann, Frank and Henney, Kevlin and Schmidt, Douglas C. },
 title = {Pattern-Oriented Software Architecture: A Pattern Language for Distributed Computing},
 volume = {4},
 year = {2007},
 isbn = {13: 978-0-470-05902-9},
 publisher = {John Wiley \& Sons}
 }

@book{Posa5,
 author = {Buschmann, Frank and Henney, Kevlin and Schmidt, Douglas C. },
 title = {Pattern-Oriented Software Architecture: On Patterns and Pattern Languages},
 volume = {5},
 year = {2007},
 isbn = {13: 978-0-471-48648-0},
 publisher = {John Wiley \& Sons}
 }

@book{XP,
 author = {Beck, Kent },
 title = {Extreme Programming Explained},
 volume = {},
 year = {2000},
 isbn = {},
 publisher = {Addison Wesley}
 }

@misc{ScrumGuide,
	Author = {Schwaber, Ken and  Sutherland, Jeff},
	Howpublished = {http://www.scrum.org/storage/scrumguides/Scrum\_Guide.pdf},
	Key = {Scrum},
	Title = {The Scrum Guide},
	Bdsk-Url-1 = {http://www.scrum.org/storage/scrumguides/Scrum\_Guide.pdf}
}

@book{gof94,
	Author = {Gamma, Erich and Helm, Richard and Johnson, Ralph and Vlissides, John M.},
	Date-Added = {2008-08-18 15:48:47 +0200},
	Date-Modified = {2008-08-18 15:48:47 +0200},
	Isbn = {978-0201633610},
	Month = {november},
	Publisher = {Addison-Wesley Professional},
	Series = {Computing Series},
	Title = {Design Patterns: Elements of Reusable Object-Oriented Software},
	Year = {1994}
}

@misc{contact12a,
	Author = {Natali, Antonio},
	Howpublished = 	
	{http://edu222/ANIS1213/CorsoIS1213BOLM/target/site/pdf/contact/ContactIntro.pdf}, 	
	Key = {Contact},
	Title = {Introduction to the usage of Contact},
	Bdsk-Url-1 = {http://edu222/ANIS1213/CorsoIS1213BOLM/target/site/pdf/contact/ContactIntro.pdf}
}
@misc{cbsl12,
	Author = {Natali, Antonio},
	Howpublished = 
	{http://edu222/ANIS1213/CorsoIS1213BOLM/target/site/pdf/contact/ContactBehavLang.pdf}, 	
	Key = {Contact},
	Title = {Introduction to the Contact behavior language},
	Bdsk-Url-1 = 	
	{http://edu222/ANIS1213/CorsoIS1213BOLM/target/site/pdf/contact/ContactBehavLang.pdf}, 	
}
@misc{jms,
	Author = {Sun},
	Howpublished = {\\http://java.sun.com/products/jms/},
	Key = {JMS},
	Title = {{JMS} Home Page},
	Bdsk-Url-1 = {http://java.sun.com/products/jms/}
}
@article{gelernter85toplas,
	Author = {Gelernter, David},
	Date-Added = {2008-08-18 15:48:47 +0200},
	Date-Modified = {2008-10-21 01:03:21 +0200},
	Journal = {ACM Transactions on Programming Languages and Systems},
	Month = jan,
	Number = 1,
	Pages = {80--112},
	Title = {Generative communication in {L}inda},
	Volume = 7,
	Year = 1985
}

@misc{tuprolog,
	Date-Added = {2008-08-18 15:48:47 +0200},
	Date-Modified = {2008-08-18 15:48:47 +0200},
	Howpublished = {\verb|http://lia.deis.unibo.it/research/2P/|},
	Institution = {University of Bologna, Italy},
	Key = {tuProlog},
	Title = {\tuprolog{} Home Page}}
}

@book{MDSD,
    Author = {Rech, J. and Bunse, C},
    Booktitle = { Model-Driven Software Development. Integrating Quality Assurance},
	Isbn = {},
 	Title = { Model-Driven Software Development. Integrating Quality Assurance},
    Publisher = {{H}ersey {N}ew {Y}ork},
    Year = 2011}

